@inproceedings{inproceedings,
author = {Basu, Kinjal and Shakerin, Farhad and Gupta, Gopal},
year = {2020},
month = {01},
pages = {57-72},
title = {AQuA: ASP-Based Visual Question Answering},
isbn = {978-3-030-39196-6},
doi = {10.1007/978-3-030-39197-3_4}
}
@misc{kothawade2021autodiscern,
      title={AUTO-DISCERN: Autonomous Driving Using Common Sense Reasoning}, 
      author={Suraj Kothawade and Vinaya Khandelwal and Kinjal Basu and Huaduo Wang and Gopal Gupta},
      year={2021},
      eprint={2110.13606},
      archivePrefix={arXiv},
      primaryClass={cs.AI}
}
@misc{kim2019dense,
      title={Dense Relational Captioning: Triple-Stream Networks for Relationship-Based Captioning}, 
      author={Dong-Jin Kim and Jinsoo Choi and Tae-Hyun Oh and In So Kweon},
      year={2019},
      eprint={1903.05942},
      archivePrefix={arXiv},
      primaryClass={cs.CV}
}
@INPROCEEDINGS{Fritsch2013ITSC,
  author = {Jannik Fritsch and Tobias Kuehnl and Andreas Geiger},
  title = {A New Performance Measure and Evaluation Benchmark for Road Detection Algorithms},
  booktitle = {International Conference on Intelligent Transportation Systems (ITSC)},
  year = {2013}
} 
@unpublished{spacy2,
    AUTHOR = {Honnibal, Matthew and Montani, Ines},
    TITLE  = {{spaCy 2}: Natural language understanding with {B}loom embeddings, convolutional neural networks and incremental parsing},
    YEAR   = {2017},
    Note   = {To appear}
} 